<record><leader>00000cas a22000007a 4500</leader><controlfield tag="001">705289438</controlfield><controlfield tag="008">110304d1884189unyumr ne      |   a0spa  </controlfield><controlfield tag="009">466</controlfield><datafield ind1=" " ind2=" " tag="010"><subfield code="a">  2011202255</subfield></datafield><datafield ind1=" " ind2=" " tag="040"><subfield code="a">DLC</subfield><subfield code="b">eng</subfield><subfield code="c">DLC</subfield><subfield code="d">OCLCF</subfield></datafield><datafield ind1=" " ind2=" " tag="012"><subfield code="l">1</subfield></datafield><datafield ind1="0" ind2=" " tag="022"><subfield code="a">2160-2646</subfield><subfield code="2">1</subfield></datafield><datafield ind1=" " ind2=" " tag="042"><subfield code="a">pcc</subfield><subfield code="a">nsdp</subfield></datafield><datafield ind1="1" ind2="0" tag="050"><subfield code="a">ISSN RECORD</subfield></datafield><datafield ind1="1" ind2="0" tag="082"><subfield code="a">056</subfield><subfield code="2">14</subfield></datafield><datafield ind1=" " ind2="3" tag="222"><subfield code="a">El Progreso</subfield><subfield code="b">(New York, N.Y.)</subfield></datafield><datafield ind1="0" ind2="3" tag="245"><subfield code="a">El Progreso.</subfield></datafield><datafield ind1=" " ind2=" " tag="260"><subfield code="a">New York, N.Y. :</subfield><subfield code="b">[El Progreso]</subfield></datafield><datafield ind1=" " ind2=" " tag="310"><subfield code="a">Monthly</subfield></datafield><datafield ind1="1" ind2=" " tag="362"><subfield code="a">Began with An&#771;o 1, n. 1 (en. 1884).</subfield></datafield><datafield ind1=" " ind2=" " tag="500"><subfield code="a">"Revista mensual ilustrada de todos los conocimientos humanos."</subfield></datafield><datafield ind1=" " ind2=" " tag="588"><subfield code="a">Description based on: An&#771;o 1, n. 1 (en. 1884); title from caption (surrogate).</subfield></datafield><datafield ind1=" " ind2="0" tag="650"><subfield code="a">Culture.</subfield></datafield><datafield ind1=" " ind2="7" tag="650"><subfield code="a">Culture.</subfield><subfield code="2">fast</subfield><subfield code="0">(OCoLC)fst00885059</subfield></datafield></record>